%% Created using Papers on Thu, 21 Sep 2017.
%% http://papersapp.com/papers/

@article{Vianello:2017ku,
author = {Vianello, Nicola and Tsui, Cedric Kar-Wai Kar-Wai and Theiler, Christian and Allan, Scott and Boedo, Jose A and Labit, Benoit and Reimerdes, Holger and Verhaegh, Kevin and Vijvers, W A J and Walkden, Nicholas and Costea, Stefan and Kova{\v c}i{\v c}, Jernej and Ionita, Codrina and Naulin, Volker and Nielsen, Anders and Rasmussen, Jens Juul and Schneider, Bernd Sebastian and Schrittwieser, Roman and Spolaore, Monica and Carralero, Daniel and Madsen, Jens and Lipschultz, Bruce and Militello, Fulvio},
title = {{Modification of SOL profiles and fluctuations with line-average density and divertor flux expansion in TCV}},
journal = {Nuclear Fusion},
year = {2017},
volume = {57},
number = {11},
pages = {116014},
month = nov
}

@article{Carralero:2017gb,
author = {Carralero, D and Siccinio, M and Komm, M and Artene, S A and D{\textquoteright}Isa, F A and Adamek, J and Aho-Mantila, L and Birkenmeier, G and Brix, M and Fuchert, G and Groth, M and Lunt, T and Manz, P and Madsen, J and Marsen, S and M{\"u}ller, H W and Stroth, U and Sun, H J and Vianello, N and Wischmeier, M and Wolfrum, E and Team, ASDEX Upgrade and Team, COMPASS and Contributors, JET and Team, The EUROfusion MST},
title = {{Recent progress towards a quantitative description of filamentary SOL transport}},
journal = {Nuclear Fusion},
year = {2017},
volume = {57},
number = {5},
pages = {056044},
month = may
}

@article{Carralero:2015gu,
author = {Carralero, D and Manz, P and Aho-Mantila, L and Birkenmeier, G and Brix, M and Groth, M and M{\"u}ller, H W and Stroth, U and Vianello, N and Wolfrum, E and {ASDEX Upgrade Team} and {JET Contributors} and {EUROfusion MST1 Team}},
title = {{Experimental Validation of a Filament Transport Model in Turbulent Magnetized Plasmas}},
journal = {Physical Review Letters},
year = {2015},
volume = {115},
number = {21},
pages = {215002},
month = nov
}

%% Created using Papers on Thu, 21 Sep 2017.
%% http://papersapp.com/papers/

@article{Militello:2016ib,
author = {Militello, F and Omotani, J T},
title = {{Scrape off layer profiles interpreted with filament dynamics}},
journal = {Nuclear Fusion},
year = {2016},
volume = {56},
number = {10},
pages = {104004},
month = oct
}

@article{Militello:2016hk,
author = {Militello, F and Garzotti, L and Harrison, J and Omotani, J T and Scannell, R and Allan, S and Kirk, A and Lupelli, I and Thornton, A J and team, the MAST},
title = {{Characterisation of the L-mode scrape off layer in MAST: decay lengths}},
journal = {Nuclear Fusion},
year = {2016},
volume = {56},
number = {1},
pages = {016006},
month = jan
}

@article{Muller:2015jt,
author = {M{\"u}ller, H W and Bernert, M and Carralero, D and Kallenbach, A and Kurzan, B and Scarabosio, A and Sieglin, B and Toph{\o}j, L and Vianello, N and Wolfrum, E},
title = {{Far scrape-off layer particle and heat fluxes in high density {\textendash} High power scenarios}},
journal = {Journal of Nuclear Materials},
year = {2015},
volume = {463},
pages = {739--743},
month = aug
}

@article{LaBombard:2001ks,
author = {LaBombard, B and Boivin, R L and Greenwald, M and Hughes, J and Lipschultz, B and Mossessian, D and Pitcher, C S and Terry, J L and Zweben, S J and Alcator Group},
title = {{Particle transport in the scrape-off layer and its relationship to discharge density limit in Alcator C-Mod}},
journal = {Physics of Plasmas },
year = {2001},
volume = {8},
number = {5},
pages = {2107}
}

@article{bernert2014h,
  title={{The H-mode density limit in the full tungsten ASDEX Upgrade tokamak}}, 
  author={Bernert, M and Eich, T and Kallenbach, A and Carralero, D and Huber, A and Lang, PT and Potzel, S and Reimold, F and Schweinzer, J and Viezzer, E and others},
  journal={Plasma Physics and Controlled Fusion},
  volume={57},
  pages={014038},
  year={2014},
  publisher={IOP Publishing}
}
